@online{postgresql,
  title    = {PostgreSQL: The world's most advanced open source database},
  language = {english},
  langid   = {english},
  url      = {https://www.postgresql.org/},
  urldate  = {2025-01-02}
}

@online{pg-dump,
  title    = {PostgreSQL: Documentation: 17: pg\_dump},
  language = {english},
  langid   = {english},
  url      = {https://www.postgresql.org/docs/current/app-pgdump.html},
  urldate  = {2025-01-02}
}

@online{pg-anonymizer,
  title    = {PostgreSQL: pg\_anonymize, a new extension for simple and transparent data anonymization},
  language = {english},
  langid   = {english},
  url      = {https://www.postgresql.org/about/news/pg_anonymize-a-new-extension-for-simple-and-transparent-data-anonymization-2606/},
  urldate  = {2025-01-02}
}

@online{pg-big-data-example,
  title    = {Очень большие таблицы в PostgreSQL. Или как превратить 60+ Tb в 10+ Tb | PgConf.Russia 2017 | PGConf.Russia},
  language = {russian},
  langid   = {russian},
  url      = {https://pgconf.ru/talk/1588070},
  urldate  = {2025-01-02}
}
